@article{clarkson2005nearest,
  title={Nearest-Neighbor Searching and Metric Space Dimensions},
  author={Clarkson, Kenneth L},
  year={2005}
}

@book{forster-analysis2,
  title={Analysis 2},
  author={Otto, Forster},
  year={2006},
  publisher={Friedr. Vieweg \& Sohn Verlag}
}